<?xml version="1.0" encoding="UTF-8"?><collection xmlns="http://www.loc.gov/MARC21/slim"><record><leader>00392nam--2200169-i-4500</leader><controlfield tag="001">000048439</controlfield><controlfield tag="002">20161230</controlfield><controlfield tag="005">20170105235732</controlfield><controlfield tag="008">060222s1000------------r-----000-0-eng-d</controlfield><datafield ind1=" " ind2=" " tag="080"><subfield code="a">007:681.5</subfield></datafield><datafield ind1=" " ind2=" " tag="100"><subfield code="a">Aven, P. O</subfield></datafield><datafield ind1=" " ind2=" " tag="245"><subfield code="a">Funktionalnoe shkalirovanie</subfield></datafield><datafield ind1=" " ind2=" " tag="260"><subfield code="a">Moskva</subfield><subfield code="b">Nauka</subfield><subfield code="c">1988</subfield></datafield><datafield ind1=" " ind2=" " tag="300"><subfield code="a">179 p</subfield></datafield><datafield ind1=" " ind2=" " tag="700"><subfield code="a">Oslon, A. A</subfield></datafield><datafield ind1=" " ind2=" " tag="852"><subfield code="a">74875</subfield></datafield><datafield ind1=" " ind2=" " tag="CAT"><subfield code="a">SYS</subfield><subfield code="c">20170105</subfield><subfield code="h">235732</subfield></datafield></record></collection>